@article{PedersenRahbek,
    journal   = {Economics Letters},
    pages     = {19--21},
    volume    = {138},
    publisher = {ELSEVIER SCIENCE SA},
    year      = {2016},
    title     = {Nonstationary GARCH with t-distributed innovations},
    author    = {Pedersen, Rs and Rahbek, A},
}

@book{johnson1995continuous,
  title={Continuous univariate distributions},
  author={Johnson, N.L. and Kotz, S. and Balakrishnan, N.},
  number={vb. 2},
  series={Wiley series in probability and mathematical statistics: Applied probability and statistics},
  year={1995},
  publisher={Wiley \& Sons}
}
